@unpublished{key,
  author = {JAN SCHRÖER},
  note   = {SKRIPT, WS 22/23, BONN},
  title  = {EINFÜHRUNG IN DIE ALGEBRA},
  year   = {2023}
}