@unpublished{JAN_SCHRÖER:2023,
  author = {JAN SCHRÖER},
  note   = {SKRIPT, WS 22/23, BONN},
  title  = {EINFüHRUNG IN DIE ALGEBRA},
  year   = {2023}
}
@book{cox2012galois,
  title={Galois Theory},
  author={Cox, D.A.},
  isbn={9781118072059},
  lccn={2011039044},
  series={Pure and Applied Mathematics: A Wiley Series of Texts, Monographs and Tracts},
  url={https://books.google.de/books?id=TshTYrh7MDYC},
  year={2012},
  publisher={Wiley}
}
