@book{More_Math_into_Latex,
title = {More Math Into LaTeX},
author = {Gr√§tzer, George},
year = {2016},
publisher = {Springer International Publishing},
ISBN = {978-3-319-23796-1},
DOI = {10.1007/978-3-319-23796-1},
edition = {5},
pages = {XXX, 609},
}

@Online{arxiv:1507.02515,
  author       = {Anthony Carbery},
  title	       = {A Remark on reverse Littlewood-Paley, restriction and Kakeya},
  year	       = 2015,
  archiveprefix= {arXiv},
  eprint       = {1507.02515},
  primaryclass = {math.CA}
}

@book {MR1232192,
    AUTHOR = {Stein, Elias M.},
     TITLE = {Harmonic analysis: real-variable methods, orthogonality, and
              oscillatory integrals},
    SERIES = {Princeton Mathematical Series},
    VOLUME = {43},
      NOTE = {With the assistance of Timothy S. Murphy,
              Monographs in Harmonic Analysis, III},
 PUBLISHER = {Princeton University Press},
   ADDRESS = {Princeton, NJ},
      YEAR = {1993},
     PAGES = {xiv+695},
      ISBN = {0-691-03216-5},
   MRCLASS = {42-02 (35Sxx 43-02 47G30)},
  MRNUMBER = {1232192},
MRREVIEWER = {Michael Cowling},
}